@misc{TEI ,
  author       = {TEI Consortium},
  title        = {{TEI P5: Guidelines for Electronic Text Encoding 
                   and Interchange}},
  month        = feb,
  year         = 2021,
  publisher    = {Zenodo},
  version      = {v4.2.0},
  doi          = {10.5281/zenodo.4609855},
  url          = {https://doi.org/10.5281/zenodo.4609855}
}

@article{andrei2011porgy,
  title={Porgy: Strategy-driven interactive transformation of graphs},
  author={Andrei, Oana and Fern{\'a}ndez, Maribel and Kirchner, H{\'e}lene and Melan{\c{c}}on, Guy and Namet, Olivier and Pinaud, Bruno},
  journal={arXiv preprint arXiv:1102.2654},
  year={2011}
}

@misc{stasko_jigsaw_2008,
	title = {Jigsaw: supporting investigative analysis},
	shorttitle = {Jigsaw},
	abstract = {through interactive visualization},
	author = {Stasko, John and Görg, Carsten and Liu, Zhicheng},
	year = {2008},
	file = {Citeseer - Full Text PDF:/home/alexis/Zotero/storage/74XIAQCE/Stasko et al. - 2008 - Jigsaw supporting investigative analysis.pdf:application/pdf;Citeseer - Snapshot:/home/alexis/Zotero/storage/GJPWDKU5/download.html:text/html},
}


@article{henry2007nodetrix,
  title={NodeTrix: a hybrid visualization of social networks},
  author={Henry, Nathalie and Fekete, Jean-Daniel and McGuffin, Michael J},
  journal={IEEE transactions on visualization and computer graphics},
  volume={13},
  number={6},
  pages={1302--1309},
  year={2007},
  publisher={IEEE}
}

@inproceedings{Gephi,
  author    = {Mathieu Bastian and
               Sebastien Heymann and
               Mathieu Jacomy},
  editor    = {Eytan Adar and
               Matthew Hurst and
               Tim Finin and
               Natalie S. Glance and
               Nicolas Nicolov and
               Belle L. Tseng},
  title     = {{Gephi: An Open Source Software for Exploring and Manipulating Networks}},
  booktitle = {Proceedings of the Third International Conference on Weblogs and Social
               Media, {ICWSM} 2009, San Jose, California, USA, May 17-20, 2009},
  publisher = {The {AAAI} Press},
  year      = {2009},
  url       = {http://aaai.org/ocs/index.php/ICWSM/09/paper/view/154},
  timestamp = {Fri, 05 Feb 2021 11:07:05 +0100},
  biburl    = {https://dblp.org/rec/conf/icwsm/BastianHJ09.bib},
  bibsource = {dblp computer science bibliography, https://dblp.org}
}


@article{batagelj_pajek_nodate,
  doi = {10.1186/s40294-016-0017-8},
  urlNO = {https://doi.org/10.1186/s40294-016-0017-8},
  year = {2016},
  month = apr,
  publisher = {Springer Science and Business Media {LLC}},
  volume = {4},
  number = {1},
  author = {Andrej Mrvar and Vladimir Batagelj},
  title = {Analysis and visualization of large networks with program package Pajek},
  journal = {Complex Adaptive Systems Modeling}
}

@misc{gedcom,
  title={GEDCOM: The Genealogy Data Standard},
  key = {gedcom},
  url = {https://www.gedcom.org/},
  note = {Last access: Nov. 18, 2021}
}

@misc{PUCK,
 url = {https://www.kintip.net/index.php?option=com_jdownloads&task=download.send&id=3&catid=5&m=0},
 note = {Last access: Nov. 18, 2021},
 title = {PUCK: Program for the Use and Computation of Kinship data},
 author = {Klaus Hamberger and Christian Momon and Edoardo Savoia and Telmo Menezes},
}

@inproceedings{pister2022visual,
  title={Visual Queries on Bipartite Multivariate Dynamic Social Networks},
  author={Pister, Alexis and Prieur, Christophe and Fekete, Jean-Daniel},
  booktitle={EuroVis 2022-Posters},
  year={2022}
}


@article{baker_1500_2016,
	title = {1,500 scientists lift the lid on reproducibility},
	volume = {533},
	copyright = {2016 Nature Publishing Group},
	issn = {1476-4687},
	url = {https://www.nature.com/articles/533452a},
	doi = {10.1038/533452a},
	abstract = {Survey sheds light on the ‘crisis’ rocking research.},
	language = {en},
	number = {7604},
	urldate = {2022-07-04},
	journal = {Nature},
	author = {Baker, Monya},
	month = may,
	year = {2016},
	note = {Number: 7604
Publisher: Nature Publishing Group},
	keywords = {Peer review, Publishing, Replicability, Research management},
	pages = {452--454},
	file = {Full Text PDF:/home/alexis/Zotero/storage/RVQTM69A/Baker - 2016 - 1,500 scientists lift the lid on reproducibility.pdf:application/pdf;Snapshot:/home/alexis/Zotero/storage/UPXYCA4U/533452a.html:text/html},
}


@inproceedings{heer_vizster_2005,
	title = {Vizster: visualizing online social networks},
	shorttitle = {Vizster},
	doi = {10.1109/INFVIS.2005.1532126},
	abstract = {Recent years have witnessed the dramatic popularity of online social networking services, in which millions of members publicly articulate mutual "friendship" relations. Guided by ethnographic research of these online communities, we have designed and implemented a visualization system for playful end-user exploration and navigation of large scale online social networks. Our design builds upon familiar node link network layouts to contribute customized techniques for exploring connectivity in large graph structures, supporting visual search and analysis, and automatically identifying and visualizing community structures. Both public installation and controlled studies of the system provide evidence of the system's usability, capacity for facilitating discovery, and potential for fun and engaged social activity},
	booktitle = {{IEEE} {Symposium} on {Information} {Visualization}, 2005. {INFOVIS} 2005.},
	author = {Heer, J. and Boyd, D.},
	month = oct,
	year = {2005},
	note = {ISSN: 1522-404X},
	pages = {32--39},
	file = {IEEE Xplore Abstract Record:/home/alexis/Zotero/storage/JWS8B98F/1532126.html:text/html;IEEE Xplore Full Text PDF:/home/alexis/Zotero/storage/7B8NJBWQ/Heer and Boyd - 2005 - Vizster visualizing online social networks.pdf:application/pdf},
}

@article{hamberger_scanning_2014,
	title = {Scanning for patterns of relationship: analyzing kinship and marriage networks with {Puck} 2.0},
	volume = {19},
	issn = {1081-602X, 1873-5398},
	shorttitle = {Scanning for patterns of relationship},
	url = {http://www.tandfonline.com/doi/abs/10.1080/1081602X.2014.892436},
	doi = {10.1080/1081602X.2014.892436},
	language = {en},
	number = {4},
	urldate = {2021-11-15},
	journal = {The History of the Family},
	author = {Hamberger, Klaus and Grange, Cyril and Houseman, Michael and Momon, Christian},
	month = oct,
	year = {2014},
	pages = {564--596},
	file = {Hamberger et al. - 2014 - Scanning for patterns of relationship analyzing k.pdf:/home/alexis/Zotero/storage/2IXD8XNK/Hamberger et al. - 2014 - Scanning for patterns of relationship analyzing k.pdf:application/pdf},
}

@article{wetherell_historical_1998,
	title = {Historical {Social} {Network} {Analysis}},
	volume = {43},
	issn = {0020-8590, 1469-512X},
	url = {https://www.cambridge.org/core/product/identifier/S0020859000115123/type/journal_article},
	doi = {10.1017/S0020859000115123},
	abstract = {In the past two decades, social network analysis (SNA) has become a major analytical paradigm in sociology and now occupies a strategic place in disciplinary debates on a wide variety of issues. Historians, however, have been slow to adopt the approach for at least three reasons. First, the conceptual orientation of sociologists practicing historical social network analysis (HSNA) remains unfamiliar to the majority of professional historians. Just when SNA was maturing in the late 1980s and 1990s, the interdisciplinary interest in social science theory among historians, so characteristic of the 1970s and early 1980s, began to wane. The subsequent turn toward post modernist thinking in history left the profession increasingly uninformed about both classical and contemporary social theory. Second, those quantitatively-oriented historians who might be predisposed to use SNA's specialized statistical methods constitute less than a quarter of the profession today, thus the risk of SNA finding its way into mainstream historical scholarship is low to start. Third, SNA's data requirements are formidable. SNA demands evidence of social interaction among all members of a social system for a variety of behaviors, and thus necessitates a broad range of high-quality records for the place, time and activities being studied. Because historians are plagued by an incomplete historical record and imperfect understandings of past social relations, HSNA remains an inherently problematic enterprise. Yet despite conceptual, methodological and evidentiary obstacles, SNA possesses real potential for historical analysis.},
	language = {en},
	number = {S6},
	urldate = {2021-11-10},
	journal = {International Review of Social History},
	author = {Wetherell, Charles},
	month = dec,
	year = {1998},
	keywords = {HSNA},
	pages = {125--144},
	file = {Wetherell - 1998 - Historical Social Network Analysis.pdf:/home/alexis/Zotero/storage/4ED4TVA3/Wetherell - 1998 - Historical Social Network Analysis.pdf:application/pdf},
}

@misc{noauthor_nodexl_nodate,
	title = {{NodeXL}: {Simple} network analysis for social media},
	shorttitle = {{NodeXL}},
	url = {https://ieeexplore.ieee.org/abstract/document/6567211/},
	abstract = {NodeXL (http://nodexl.codeplex.com/) is an application that simplifies basic network analysis tasks and supports analysis of social media networks. Using the widely familiar framework of a spreadsheet, NodeXL integrates the features needed to collect, store, analyze, visualize and publish network datasets. The tool connects to a wide range of data sources and to other SNA packages through GraphML and other network file formats. Special support is provided for social media data sources including Twitter, Facebook, YouTube, flickr, email, blogs, wikis, and the WWW. NodeXL is focused on end user ease of use, allowing automation of frequently repeated processes that are commonly applied to network data. NodeXL simplifies network analysis by automatically applying several processes that result in usable visualizations without requiring human engagement and refinement. Users can publish and share NodeXL data sets via the NodeXL Graph Gallery, a web archive of networks and visualizations contributed by the community of users. Many diverse networks have been contributed to the archive, enabling insights into a wide range of networks in general and social networks in particular. Review of these networks has led to identification of six major types of network pattern, described here, which have emerged as major types of self-organized structures in social media.},
	language = {en-US},
	urldate = {2021-11-10},
	file = {Snapshot:/home/alexis/Zotero/storage/J6VV4EF6/6567211.html:text/html},
}

@article{batagelj_c_nodate,
	title = {c 1996, 2011 {V}. {Batagelj}, {A}. {Mrvar}. {Free} for noncommercial use. {PdfLaTex} version {October} 1, 2003},
	language = {en},
	author = {Batagelj, Vladimir and Mrvar, Andrej},
	pages = {98},
	file = {Batagelj and Mrvar - c 1996, 2011 V. Batagelj, A. Mrvar. Free for nonco.pdf:/home/alexis/Zotero/storage/REZZVP3L/Batagelj and Mrvar - c 1996, 2011 V. Batagelj, A. Mrvar. Free for nonco.pdf:application/pdf},
}

@article{bach_networkcube_nodate,
	title = {{NetworkCube}: {Bringing} {Dynamic} {Network} {Visualizations} to {Domain} {Scientists}},
	abstract = {Network visualizations support research in a range of scientiﬁc domains from biology to humanities. This paper presents our effort to create a platform to bridge the gap between domain scientists and visualisation researchers; NetworkCube aims in being a fast way to deploy experimental visualizations from research to domain experts analyzing dynamic networks. In turn, InfoVis researchers beneﬁt from studying how their visualizations are used in the wild.},
	language = {en},
	author = {Bach, Benjamin and Riche, Nathalie Henry and Fernandez, Roland and Giannisakis, Emmanoulis and Lee, Bongshin and Fekete, Jean-Daniel},
	pages = {3},
	file = {Bach et al. - NetworkCube Bringing Dynamic Network Visualizatio.pdf:/home/alexis/Zotero/storage/ZRQ6UP5J/Bach et al. - NetworkCube Bringing Dynamic Network Visualizatio.pdf:application/pdf},
}

@article{valdivia_analyzing_2021,
	title = {Analyzing {Dynamic} {Hypergraphs} with {Parallel} {Aggregated} {Ordered} {Hypergraph} {Visualization}},
	volume = {27},
	issn = {1077-2626, 1941-0506, 2160-9306},
	url = {https://ieeexplore.ieee.org/document/8789484/},
	doi = {10.1109/TVCG.2019.2933196},
	abstract = {Parallel Aggregated Ordered Hypergraph (PAOH) is a novel technique to visualize dynamic hypergraphs. Hypergraphs are a generalization of graphs where edges can connect several vertices. Hypergraphs can be used to model networks of business partners or co-authorship networks with multiple authors per article. A dynamic hypergraph evolves over discrete time slots. PAOH represents vertices as parallel horizontal bars and hyperedges as vertical lines, using dots to depict the connections to one or more vertices. We describe a prototype implementation of Parallel Aggregated Ordered Hypergraph, report on a usability study with 9 participants analyzing publication data, and summarize the improvements made. Two case studies and several examples are provided. We believe that PAOH is the ﬁrst technique to provide a highly readable representation of dynamic hypergraphs. It is easy to learn and well suited for medium size dynamic hypergraphs (50-500 vertices) such as those commonly generated by digital humanities projects—our driving application domain.},
	language = {en},
	number = {1},
	urldate = {2022-03-08},
	journal = {IEEE Transactions on Visualization and Computer Graphics},
	author = {Valdivia, Paola and Buono, Paolo and Plaisant, Catherine and Dufournaud, Nicole and Fekete, Jean-Daniel},
	month = jan,
	year = {2021},
	keywords = {dynamic graph, graph, graph layout, hypergraph},
	pages = {1--13},
	file = {Valdivia et al. - 2021 - Analyzing Dynamic Hypergraphs with Parallel Aggreg.pdf:/home/alexis/Zotero/storage/DSW47GH8/Valdivia et al. - 2021 - Analyzing Dynamic Hypergraphs with Parallel Aggreg.pdf:application/pdf},
}

@article{borgatti_social_2009,
	title = {Social {Network} {Analysis}, {Two}-{Mode} {Concepts} in},
	doi = {10.1007/978-0-387-30440-3_491},
	abstract = {Glossary
Definition of the Subject
Introduction
Basic Concepts
Two-Mode Data in Social Network Analysis
Unimodal Approaches to Two-Mode Data
Bimodal Approaches to Two-Mode Data
Conclusion
Future Directions
Bibliography},
	journal = {Computational Complexity: Theory, Techniques, and Applications},
	author = {Borgatti, Stephen},
	month = jan,
	year = {2009},
	keywords = {bipartite, network, social network},
}

@article{cristofoli_aux_2008,
	title = {Aux sources des grands réseaux d'interactions},
	volume = {152},
	issn = {0751-7971},
	url = {https://www.cairn.info/revue-reseaux1-2008-6-page-21.htm},
	abstract = {Historiquement concentré sur l’étude des interactions d’un nombre limité d’individus, l’analyse des réseaux sociaux est aujourd’hui confrontée à l’apparition des grands réseaux d’interactions supportés par l’Internet. Physiciens et informaticiens se sont emparés de ces grands réseaux et ont observé des propriétés structurelles communes. Les interprétations formelles qui en sont issues font débat. Une façon de réintroduire du « contenu » consiste à considérer les données numériques de manière analogue aux fonds d’archives des historiens. Cette posture incite à réfléchir à la nature et aux limites de tels ensembles ainsi qu’aux précautions méthodologiques nécessaires à leur exploitation, en soulignant notamment les moments clefs de la construction d’un « réseau social ».},
	language = {fr},
	number = {6},
	urldate = {2022-05-12},
	journal = {Reseaux},
	author = {Cristofoli, Pascal},
	year = {2008},
	note = {Bibliographie\_available: 1
Cairndomain: www.cairn.info
Cite Par\_available: 0
Publisher: Lavoisier},
	keywords = {SNA},
	pages = {21--58},
	file = {Full Text PDF:/home/alexis/Zotero/storage/VUE4MTB9/Cristofoli - 2008 - Aux sources des grands réseaux d'interactions.pdf:application/pdf;Snapshot:/home/alexis/Zotero/storage/QICG8UH7/revue-reseaux1-2008-6-page-21.html:text/html},
}

@article{grandjean_analisi_2017,
	title = {Analisi e visualizzazioni delle reti in storia. {L}'esempio della cooperazione intellettuale della {Societa}\&\#768; delle {Nazioni}},
	issn = {1127-0195},
	doi = {10.14647/87204},
	number = {2/2017},
	journal = {Memoria e Ricerca},
	author = {Grandjean, Martin},
	year = {2017},
	keywords = {SNA},
	file = {Rivisteweb\: Dettagli articolo:/home/alexis/Zotero/storage/PPE25FNE/87204.html:text/html},
}

@article{rossi_exploration_2014,
	title = {Exploration of a large database of {French} notarial acts with social network methods},
	volume = {9},
	url = {https://hal.archives-ouvertes.fr/hal-01053673},
	abstract = {This article illustrates how mathematical and statistical tools designed to handle relational data may be useful to help decipher the most important features and defects of a large historical database and to gain knowledge about a corpus made of several thousand documents. Such a relational model is generally enough to address a wide variety of problems, including most databases containing relational tables. In mathematics, it is referred to as a 'network' or a 'graph'. The article's purpose is to emphasize how a relevant relational model of a historical corpus can serve as a theoretical framework which makes available automatic data mining methods designed for graphs. By such methods, for one thing, consistency checking can be performed so as to extract possible transcription errors or interpretation errors during the transcription automatically. Moreover, when the database is so large that a human being is unable to gain much knowledge by even an exhaustive manual exploration, relational data mining can help elucidate the database's main features. First, the macroscopic structure of the relations between entities can be emphasized with the help of network summaries automatically produced by classification methods. A complementary point of view is obtained via local summaries of the relation structure: a set of network-related indicators can be calculated for each entity, singling out, for instance, highly connected entities. Finally, visualisation methods dedicated to graphs can be used to give the user an intuitive understanding of the database. Additional information can be superimposed on such network visualisations, making it possible intuitively to link the relations between entities using attributes that describe each entity. This overall approach is here illustrated with a huge corpus of medieval notarial acts, containing several thousand transactions and involving a comparable number of persons.},
	urldate = {2022-05-12},
	journal = {Digital Medievalist},
	author = {Rossi, Fabrice and Vialaneix, Nathalie and Hautefeuille, Florent},
	month = jul,
	year = {2014},
	note = {Publisher: University of Lethbridge},
	keywords = {SNA},
	pages = {2013},
	file = {HAL PDF Full Text:/home/alexis/Zotero/storage/J2TXIAUW/Rossi et al. - 2014 - Exploration of a large database of French notarial.pdf:application/pdf},
}

@article{shafie_hypergraph_2017,
	title = {Hypergraph {Representations}: {A} {Study} of {Carib} {Attacks} on {Colonial} {Forces}, 1509-1700},
	copyright = {\#\#submission.license.cc.by-nd4.footer\#\#},
	shorttitle = {Hypergraph {Representations}},
	url = {https://jhnr.uni.lu/index.php/jhnr/article/view/6},
	doi = {10.25517/JHNR.V1I1.6},
	abstract = {Network data consisting of recorded historical events can be represented as hypergraphs where the ties or events can connect any number of nodes or event related attributes. In this paper, we perform a centrality analysis of a directed hypergraph representing attacks by indigenous peoples from the Lesser Antilles on European colonial settlements, 1509-1700. The results of central attacks with respect to attacked colonial force, member of attack alliances, and year and location of attack are discussed and compared to a qualitative analysis of the data. This comparison points to the importance of a mixed methods approach to enhance the analysis and to obtain a complementary understanding of a historical network study.},
	language = {en},
	urldate = {2022-05-12},
	journal = {Journal of Historical Network Research},
	author = {Shafie, Termeh and Schoch, David and Mans, Jimmy and Hofman, Corinne and Brandes, Ulrik},
	month = oct,
	year = {2017},
	note = {Artwork Size: 52-70 Pages
Publisher: Journal of Historical Network Research},
	keywords = {HSNA, Bipartite, Example},
	pages = {52--70 Pages},
	file = {Shafie et al. - 2017 - Hypergraph Representations A Study of Carib Attac.pdf:/home/alexis/Zotero/storage/ZZ2I9PSY/Shafie et al. - 2017 - Hypergraph Representations A Study of Carib Attac.pdf:application/pdf},
}

@article{lemercier_analyse_2005,
	title = {Analyse de réseaux et histoire},
	volume = {522},
	issn = {0048-8003},
	url = {https://www.cairn.info/revue-d-histoire-moderne-et-contemporaine-2005-2-page-88.htm?ref=https://githubhelp.com},
	abstract = {Le propos est de pr\&\#233;senter les outils propos\&\#233;s par l\&\#8217;analyse de r\&\#233;seaux, \&\#224; partir d\&\#8217;exemples d\&\#8217;\&\#233;tudes qui les ont appliqu\&\#233;s \&\#224; des terrains historiques. L\&\#8217;article aborde l\&\#8217;histoire sociale et politique, ainsi que, plus ponctuellement, la g\&\#233;ographie historique, l\&\#8217;histoire des savoirs et l\&\#8217;histoire des entreprises. Il plaide pour un usage raisonn\&\#233; de ces techniques, dont il pr\&\#233;sente les limites et les exigences en termes de sources. Il en souligne les apports pour une meilleure compr\&\#233;hension des hi\&\#233;rarchies et des fractures internes aux r\&\#233;seaux, de leur dynamique et de leur interaction avec les identit\&\#233;s des acteurs sociaux.},
	language = {fr},
	number = {2},
	urldate = {2022-06-03},
	journal = {Revue dhistoire moderne contemporaine},
	author = {Lemercier, Claire},
	year = {2005},
	note = {Bibliographie\_available: 0
Cairndomain: www.cairn.info
Cite Par\_available: 1
Publisher: Belin},
	keywords = {Historical social network, Social Network},
	pages = {88--112},
	file = {Full Text PDF:/home/alexis/Zotero/storage/NP2I9JXJ/Lemercier - 2005 - Analyse de réseaux et histoire.pdf:application/pdf;Snapshot:/home/alexis/Zotero/storage/IN7DZIQX/revue-d-histoire-moderne-et-contemporaine-2005-2-page-88.html:text/html},
}

@incollection{fertig_12_2015,
	address = {Turnhout},
	title = {12. {Formal} network methods in history: {Why} and how?},
	volume = {11},
	isbn = {978-2-503-54804-3 978-2-503-55931-5},
	shorttitle = {12. {Formal} network methods in history},
	url = {https://www.brepolsonline.net/doi/10.1484/M.RURHE-EB.4.00198},
	language = {en},
	urldate = {2022-06-03},
	booktitle = {Social {Networks}, {Political} {Institutions}, and {Rural} {Societies}},
	publisher = {Brepols Publishers},
	author = {Lemercier, Claire},
	editor = {Fertig, Georg},
	month = jan,
	year = {2015},
	doi = {10.1484/M.RURHE-EB.4.00198},
	note = {Series Title: Rural History in Europe},
	keywords = {Historical Social Network},
	pages = {281--310},
	file = {Lemercier - 2015 - 12. Formal network methods in history Why and how.pdf:/home/alexis/Zotero/storage/IHWNQVYV/Lemercier - 2015 - 12. Formal network methods in history Why and how.pdf:application/pdf},
}

@article{gribaudi_categories_1990,
	title = {Des catégories aux liens individuels : l'analyse statistique de l'espace social},
	volume = {45},
	copyright = {free},
	shorttitle = {Des catégories aux liens individuels},
	url = {https://www.persee.fr/doc/ahess_0395-2649_1990_num_45_6_278914},
	doi = {10.3406/ahess.1990.278914},
	abstract = {From Categories to Individual Links : Statistical Analysis of Social Space. The categories used for the analysis of social structures and mobility are marked by the ideologies that lead to the devising of statistical grids But the rigidity of these models and causal explanations against which major part of contemporary historio graphy has rebelled is above all due to the workings of traditional descriptive statistics themselves In the first section the authors describe the mechanisms by which these workings shape the objects of analysis By interpreting the same group of 19th century marriage certificates using variety of grids they highlight the different distorsions caused by the grouping of data into categories and by the successive formation of tables and cross tables In the second section the authors show that it is in fact possible to conceive more subtle forms of statistical description and analysis better adapted to the needs of the historian The formalisation of data using graphs allows them for example to isolate the specificity of the individual data to go beyond simple grouping and to break away from the traditional qualitative-quantative opposition In this way they suggest that it is possible to develop models for quantitative analysis capable of taking account of the mechanisms of micro-social determinations},
	language = {fre},
	number = {6},
	urldate = {2022-06-24},
	journal = {Annales},
	author = {Gribaudi, Maurizio and Blum, Alain},
	year = {1990},
	note = {Publisher: Persée - Portail des revues scientifiques en SHS},
	keywords = {Quantitative Sociology},
	pages = {1365--1402},
	file = {Snapshot:/home/alexis/Zotero/storage/9USBM38D/ahess_0395-2649_1990_num_45_6_278914.html:text/html},
}

@article{eve_deux_2002,
	title = {Deux traditions d'analyse des reseaux sociaux},
	volume = {115},
	issn = {0751-7971},
	url = {https://www.cairn.info/revue-reseaux1-2002-5-page-183.htm},
	abstract = {Cet article prend comme point de départ les deux traditions qui, dans le domaine sociologique, intéressent les réseaux et dont les convergences empiriques, les idéaux théoriques et les méthodes diffèrent totalement. De tendance dominante, l’analyse des réseaux « structuraliste » s’attache surtout aux descriptions qui, en termes relationnels, redistribuent les rôles des objets sociologiques. Cependant, il existe également une tradition minoritaire d’analyse des réseaux qui étudie principalement les liens sociaux existant entre les individus dans différents contextes sociaux. L’auteur plaide pour l’importance acquise par ces réseaux au cours des trajectoires individuelles et revendique qu’ils fournissent une base pour des descriptions qui ne soient pas uniquement structurées par les catégories sociologiques traditionnelles ou une logique individuelle. Son contenu incite à la révision radicale des catégories sociales (classes, ethnicité...), révision promise mais non réellement menée à son terme par l’analyse structurelle des réseaux, L’auteur nous montre comment les méthodes dominantes d’analyse des réseaux font abstraction des modèles de réseaux qui intéressent la tradition alternative.},
	language = {fr},
	number = {5},
	urldate = {2022-06-26},
	journal = {Réseaux},
	author = {Eve, Michael},
	year = {2002},
	note = {Place: Cachan
Publisher: Lavoisier},
	keywords = {SNA},
	pages = {183--212},
	file = {Eve - 2002 - Deux traditions d'analyse des reseaux sociaux.pdf:/home/alexis/Zotero/storage/WS4QV5AZ/Eve - 2002 - Deux traditions d'analyse des reseaux sociaux.pdf:application/pdf;Snapshot:/home/alexis/Zotero/storage/8CF7PHE5/revue-reseaux1-2002-5-page-183.html:text/html},
}

@article{freeman_development_2004,
	title = {The {Development} of {Social} {Network} {Analysis}},
	author = {Freeman, Linton},
	month = jan,
	year = {2004},
	keywords = {SNA},
}

@article{scott_social_1988,
	title = {Social {Network} {Analysis}},
	volume = {22},
	issn = {0038-0385, 1469-8684},
	url = {http://journals.sagepub.com/doi/10.1177/0038038588022001007},
	doi = {10.1177/0038038588022001007},
	abstract = {This paper reports on the development of social network analysis, tracing its origins in classical sociology and its more recent formulation in social scientific and mathematical work. It is argued that the concept of social network provides a powerful model for social structure, and that a number of important formal methods of social network analysis can be discerned. Social network analysis has been used in studies of kinship structure, social mobility, science citations, contacts among members of deviant groups, corporate power, international trade exploitation, class structure, and many other areas. A review of the formal models proposed in graph theory, multidimensional scaling, and algebraic topology is followed by extended illustrations of social network analysis in the study of community structure and interlocking directorships.},
	language = {en},
	number = {1},
	urldate = {2022-06-27},
	journal = {Sociology},
	author = {Scott, John},
	month = feb,
	year = {1988},
	keywords = {SNA},
	pages = {109--127},
	file = {Scott - 1988 - Social Network Analysis.pdf:/home/alexis/Zotero/storage/AYELQ36P/Scott - 1988 - Social Network Analysis.pdf:application/pdf},
}

@article{coleman_introduction_1964,
	title = {Introduction to mathematical sociology.},
	url = {https://www.cabdirect.org/cabdirect/abstract/19651802199},
	abstract = {The development of any science depends on systematic empirical study and systematic conceptual elaboration. Proceeding on the assumption that the study of human society can become a true science, the author examines the contribution that various mathematical techniques might make to systematic conceptual elaboration of social behaviour. He notes that it is only when the logical structure of...},
	language = {English},
	urldate = {2022-06-27},
	journal = {Introduction to mathematical sociology.},
	author = {Coleman, J. S.},
	year = {1964},
	file = {Snapshot:/home/alexis/Zotero/storage/JKWA7ZTK/19651802199.html:text/html},
}

@article{moreno_foundations_1941,
	title = {Foundations of {Sociometry}: {An} {Introduction}},
	volume = {4},
	issn = {00380431},
	shorttitle = {Foundations of {Sociometry}},
	url = {https://www.jstor.org/stable/2785363?origin=crossref},
	doi = {10.2307/2785363},
	number = {1},
	urldate = {2022-06-28},
	journal = {Sociometry},
	author = {Moreno, J. L.},
	month = feb,
	year = {1941},
	keywords = {SNA, Sociometry},
	pages = {15},
}

@article{cristofoli_principes_nodate,
	title = {Principes et usages des dessins de réseaux en {SHS}},
	language = {fr},
	author = {Cristofoli, Pascal},
	keywords = {SNA, Social Network Visualization},
	pages = {35},
	file = {Cristofoli - Principes et usages des dessins de réseaux en SHS.pdf:/home/alexis/Zotero/storage/A6MXTUXQ/Cristofoli - Principes et usages des dessins de réseaux en SHS.pdf:application/pdf},
}

@article{cristofoli_temporalites_2018,
	title = {Temporalités à l’œuvre dans les chantiers du bâtiment},
	copyright = {Les contenus de Temporalités sont mis à disposition selon les termes de la Licence Creative Commons Attribution - Pas d’Utilisation Commerciale - Pas de Modification 4.0 International.},
	issn = {1777-9006},
	url = {https://journals.openedition.org/temporalites/4456},
	doi = {10.4000/temporalites.4456},
	abstract = {Cette recherche s’intéresse aux temporalités à l’œuvre dans la configuration des réseaux professionnels de populations affectées par une forte mobilité, telle que celle des entrepreneurs et des contremaîtres du bâtiment. Les chantiers royaux piémontais dans la première moitié du XVIIIe siècle offrent un cadre d’étude intéressant. La documentation à disposition, et notamment les contrats publics, enregistre le moment de la constitution de ce réseau, et permet d’en mettre en lumière la spécificité, à savoir un fort dynamisme et un renouvellement continu. Le but de cet article est de reconstruire le cadre temporel qui a orienté les choix des acteurs en donnant lieu à ces configurations et à ce dynamisme. La formalisation du corpus à l’aide d’un réseau biparti (2-mode network) associant documents et individus permet de disposer d’un moyen efficace pour accéder aux différentes dimensions susceptibles d’éclairer la compréhension du réseau des entrepreneurs, de juger de sa pertinence et de ses évolutions. C’est aussi le moyen d’observer les temporalités propres à chaque composante de ce corpus : le cours de la commande publique lié à la situation politique de l’État Sarde, les séquences opératoires de chaque chantier qui interpellent les différentes spécialisations des contrats et des contractants, les trajectoires relationnelles des entrepreneurs (leurs profils d’interventions et leurs rôles qui changent à chaque contrat), les parcours biographiques et migratoires de ces individus. C’est à l’intérieur de cet ensemble complexe d’interactions, aux temporalités divergentes, que s’organisent les logiques d’actions des protagonistes, en fonction de ce qu’ils en perçoivent. Les pratiques qui en découlent façonnent le milieu professionnel des entrepreneurs du bâtiment à Turin de la première moitié du XVIIIe siècle.},
	language = {fr},
	number = {27},
	urldate = {2022-06-29},
	journal = {Temporalités. Revue de sciences sociales et humaines},
	author = {Cristofoli, Pascal and Rolla, Nicoletta},
	month = jun,
	year = {2018},
	note = {Number: 27
Publisher: ADR Temporalités},
	keywords = {SNA, HSNA, Chantiers du Bâtiment, Entrepreneurs, Migrations, Piémont, réseaux d’affiliation, Turin, XVIIIe},
}

@article{borgatti_social_2009-1,
	title = {Social {Network} {Analysis}, {Two}-{Mode} {Concepts} in},
	doi = {10.1007/978-0-387-30440-3_491},
	abstract = {Glossary
Definition of the Subject
Introduction
Basic Concepts
Two-Mode Data in Social Network Analysis
Unimodal Approaches to Two-Mode Data
Bimodal Approaches to Two-Mode Data
Conclusion
Future Directions
Bibliography},
	journal = {Computational Complexity: Theory, Techniques, and Applications},
	author = {Borgatti, Stephen},
	month = jan,
	year = {2009},
}

@article{dufournaud_recherche_2015,
	title = {La recherche empirique en histoire à l’ère numérique},
	volume = {240},
	copyright = {free},
	url = {https://www.persee.fr/doc/gazar_0016-5522_2015_num_240_4_5321},
	doi = {10.3406/gazar.2015.5321},
	language = {fre},
	number = {4},
	urldate = {2022-06-30},
	journal = {Gazette des archives},
	author = {Dufournaud, Nicole},
	year = {2015},
	note = {Publisher: Persée - Portail des revues scientifiques en SHS},
	keywords = {HSNA, Historical Network Construction},
	pages = {397--407},
	file = {Snapshot:/home/alexis/Zotero/storage/29JMMUAN/gazar_0016-5522_2015_num_240_4_5321.html:text/html;Submitted Version:/home/alexis/Zotero/storage/ZRLKEH4C/Dufournaud - 2015 - La recherche empirique en histoire à l’ère numériq.pdf:application/pdf},
}

@article{larson_thomas_2014,
	title = {Thomas {F}. {Tartaron}, {Maritime} {Networks} in the {Mycenaean} {World}. {New} {York}: {Cambridge} {University} {Press}, 2013.},
	volume = {56},
	issn = {0010-4175, 1475-2999},
	shorttitle = {Thomas {F}. {Tartaron}, {Maritime} {Networks} in the {Mycenaean} {World}. {New} {York}},
	url = {https://www.cambridge.org/core/journals/comparative-studies-in-society-and-history/article/abs/thomas-ftartaron-maritime-networks-in-the-mycenaean-world-new-york-cambridge-university-press-2013/A1F9BD5201B12386C1F813C984642AA9},
	doi = {10.1017/S0010417514000516},
	abstract = {//static.cambridge.org/content/id/urn\%3Acambridge.org\%3Aid\%3Aarticle\%3AS0010417514000516/resource/name/firstPage-S0010417514000516a.jpg},
	language = {en},
	number = {4},
	urldate = {2022-07-01},
	journal = {Comparative Studies in Society and History},
	author = {Larson, Katherine A.},
	month = oct,
	year = {2014},
	note = {Publisher: Cambridge University Press},
	keywords = {HSNA, Example},
	pages = {1064--1065},
	file = {s1740022813000338.pdf:/home/alexis/Downloads/s1740022813000338.pdf:application/pdf;Snapshot:/home/alexis/Zotero/storage/SUFKJCCG/A1F9BD5201B12386C1F813C984642AA9.html:text/html},
}

@book{cellier_jacques_traiter_2001,
	address = {Rennes},
	series = {Didact histoire},
	title = {Traiter des données historiques: méthodes statistiques, techniques informatiques / {Jacques} {Cellier}, {Martine} {Cocaud}},
	isbn = {978-2-86847-522-0},
	shorttitle = {Traiter des données historiques},
	abstract = {Réimpression : 2007, Bibliogr. p. 239. Index, En quoi un ordinateur peut-il faciliter l'exploitation d'un corpus de données historiques ? Cet ouvrage, destiné aux historiens, étudiants de second cycle, chercheurs professionnels et amateurs tente quelques réponses. A partir d'études de cas empruntés à l'histoire moderne et contemporaine, les auteurs décrivent les différentes étapes d'une recherche : la structuration et la saisie des données, la production des premiers résultats, la mise en œuvre de diverses méthodes statistiques ainsi que la production de graphiques et de cartes sont présentées. Les études de cas sont développées sur des logiciels courants - Excel et Access - dont il faut seulement connaître les rudiments. Un site WEB, contenant des fascicules d'initiation aux logiciels ainsi que les données historiques enrichit l'ouvrage et permet au lecteur de reproduire, sur son micro-ordinateur, tous les exemples proposés., 9782868475220},
	language = {fre},
	publisher = {Presses universitaires de Rennes},
	author = {{Cellier Jacques}},
	collaborator = {{Cocaud Martine}},
	year = {2001},
	keywords = {Analyse des données, Histoire, Histoire universelle, Historiographie, History computing, HSNA, Informatique, Méthodes statistiques, Recherche},
}

@incollection{nurmi_methodological_2009,
	address = {Amsterdam},
	title = {Methodological and practical aspects of historical network analysis: {A} case study of the {Bluestocking} letters},
	volume = {183},
	isbn = {978-90-272-5428-3 978-90-272-8972-8},
	shorttitle = {Methodological and practical aspects of historical network analysis},
	url = {https://benjamins.com/catalog/pbns.183.08sai},
	language = {en},
	urldate = {2022-07-03},
	booktitle = {Pragmatics \& {Beyond} {New} {Series}},
	publisher = {John Benjamins Publishing Company},
	author = {Sairio, Anni},
	editor = {Nurmi, Arja and Nevala, Minna and Palander-Collin, Minna},
	year = {2009},
	doi = {10.1075/pbns.183.08sai},
	keywords = {Co-occurrence, HSNA},
	pages = {107--135},
	file = {Sairio - 2009 - Methodological and practical aspects of historical.pdf:/home/alexis/Zotero/storage/QW7DIW7Y/Sairio - 2009 - Methodological and practical aspects of historical.pdf:application/pdf},
}
